<record><leader>00000cas a22000007a 4500</leader><controlfield tag="001">11265554</controlfield><controlfield tag="008">841015d18521863iauwr ne      0    0eng d</controlfield><datafield ind1=" " ind2=" " tag="010"><subfield code="a">sn 84038311 </subfield></datafield><datafield ind1=" " ind2=" " tag="040"><subfield code="a">NPX</subfield><subfield code="b">eng</subfield><subfield code="c">NPX</subfield><subfield code="d">INP</subfield><subfield code="d">OCLCQ</subfield></datafield><datafield ind1=" " ind2=" " tag="042"><subfield code="a">msc</subfield></datafield><datafield ind1="0" ind2=" " tag="130"><subfield code="a">Linn County register (Marion, Iowa : 1852)</subfield></datafield><datafield ind1="1" ind2="0" tag="245"><subfield code="a">Linn County register.</subfield></datafield><datafield ind1=" " ind2=" " tag="260"><subfield code="a">Marion, Iowa :</subfield><subfield code="b">G.H. &amp; J.S. Jennison</subfield></datafield><datafield ind1=" " ind2=" " tag="300"><subfield code="a">v. :</subfield><subfield code="b">ill.</subfield></datafield><datafield ind1=" " ind2=" " tag="310"><subfield code="a">Weekly</subfield></datafield><datafield ind1="1" ind2=" " tag="362"><subfield code="a">Began in 1852; ceased in Dec. 1863.</subfield><subfield code="z">Cf. Bibl. of Iowa newspapers.</subfield></datafield><datafield ind1=" " ind2=" " tag="500"><subfield code="a">" ... Devoted to agriculture, politics, temperance, education, religion ... "</subfield></datafield><datafield ind1=" " ind2=" " tag="500"><subfield code="a">"Independent in all things, neutral in nothing."</subfield></datafield><datafield ind1=" " ind2=" " tag="500"><subfield code="a">Publishers: G.H. &amp; J.S. Jennison, &lt;Dec. 31, 1853-Aug. 31, 1855&gt;; Robert Holmes, &lt;Jan. 22, 1859-May 9, 1863&gt;; Holmes &amp; Booth, &lt;May 23-Sept. 26, 1863&gt;.</subfield></datafield><datafield ind1=" " ind2=" " tag="588"><subfield code="a">Description based on: Vol. 1, no. 28 (Dec. 31, 1853).</subfield></datafield><datafield ind1=" " ind2=" " tag="752"><subfield code="a">United States</subfield><subfield code="b">Iowa</subfield><subfield code="c">Linn</subfield><subfield code="d">Marion.</subfield></datafield><datafield ind1="0" ind2="0" tag="780"><subfield code="t">Prairie star (Marion, Iowa)</subfield></datafield><datafield ind1="0" ind2="0" tag="785"><subfield code="t">Linn County patriot</subfield><subfield code="w">(DLC)sn 85049704</subfield></datafield></record>